@misc{hao2020artigos,
    author = "Karen Hao",
    title = "Over 24,000 coronavirus research papers are now available in one place",
    year = "2020",
    url = {https://www.technologyreview.com/2020/03/16/905290/coronavirus-24000-research-papers-available-open-data/#Echobox=1585947735},
    urldate = "16-03-2020",
    addendum = "(acessado em: 23.10.2020)"
}

@article{ramyachitra2014imbalanced,
  title={Imbalanced dataset classification and solutions: a review},
  author={Ramyachitra, D and Manikandan, P},
  journal={International Journal of Computing and Business Research (IJCBR)},
  volume={5},
  number={4},
  pages={1--29},
  year={2014}
}

@article{scacabarozi2012modelagem,
  title={Modelagem de eventos raros: um estudo comparativo},
  author={Scacabarozi, Fernanda Nanci},
  year={2012},
  publisher={Universidade Federal de S{\~a}o Carlos}
}

@article{ranney2020critical,
  title={Critical supply shortages—the need for ventilators and personal protective equipment during the Covid-19 pandemic},
  author={Ranney, Megan L and Griffeth, Valerie and Jha, Ashish K},
  journal={New England Journal of Medicine},
  volume={382},
  number={18},
  pages={e41},
  year={2020},
  publisher={Mass Medical Soc}
}

@manual{dadosinfo2019diego,
    author = "Diego Elias",
    title = "Dados VS Informação: Qual a diferença?",
    year = "2019",
    url = "https://www.binapratica.com.br/dados-x-informacao",
    addendum = "(acessado em: 18.12.202)"
}

@article{obermeyer2019dissecting,
  title={Dissecting racial bias in an algorithm used to manage the health of populations},
  author={Obermeyer, Ziad and Powers, Brian and Vogeli, Christine and Mullainathan, Sendhil},
  journal={Science},
  volume={366},
  number={6464},
  pages={447--453},
  year={2019},
  publisher={American Association for the Advancement of Science}
}

@article{wynants2020prediction,
  title={Prediction models for diagnosis and prognosis of covid-19: systematic review and critical appraisal},
  author={Wynants, Laure and Van Calster, Ben and Collins, Gary S and Riley, Richard D and Heinze, Georg and Schuit, Ewoud and Bonten, Marc MJ and Dahly, Darren L and Damen, Johanna AA and Debray, Thomas PA and others},
  journal={bmj},
  volume={369},
  year={2020},
  publisher={British Medical Journal Publishing Group}
}

@manual{dsa2013codeofconduct,
    organization = "DATA SCIENCE ASSOCIATION",
    title = "DATA SCIENCE CODE OF PROFESSIONAL CONDUCT",
    year = "2013",
    url = {https://www.datascienceassn.org/code-of-conduct.html},
    urldate = "03-12-2013",
    addendum = "(acessado em: 16.12.2020)",
}

@article{latif2020leveraging,
  title={Leveraging data science to combat covid-19: A comprehensive review},
  author={Latif, Siddique and Usman, Muhammad and Manzoor, Sanaullah and Iqbal, Waleed and Qadir, Junaid and Tyson, Gareth and Castro, Ignacio and Razi, Adeel and Boulos, Maged N Kamel and Weller, Adrian and others},
  journal={IEEE Transactions on Artificial Intelligence},
  year={2020},
  publisher={IEEE}
}
@article{donoho201750,
  title={50 years of data science},
  author={Donoho, David},
  journal={Journal of Computational and Graphical Statistics},
  volume={26},
  number={4},
  pages={745--766},
  year={2017},
  publisher={Taylor \& Francis}
}

@book{tukey1977exploratory,
  title={Exploratory data analysis},
  author={Tukey, John W},
  volume={2},
  year={1977},
  publisher={Reading, MA}
}

@article{zhu2020novel,
  title={A novel coronavirus from patients with pneumonia in China, 2019},
  author={Zhu, Na and Zhang, Dingyu and Wang, Wenling and Li, Xingwang and Yang, Bo and Song, Jingdong and Zhao, Xiang and Huang, Baoying and Shi, Weifeng and Lu, Roujian and others},
  journal={New England Journal of Medicine},
  year={2020},
  publisher={Mass Medical Soc}
}

@InProceedings{ pandas2010,
  author    = { Wes McKinney },
  title     = { Data Structures for Statistical Computing in Python },
  booktitle = { Proceedings of the 9th Python in Science Conference },
  pages     = { 51 - 56 },
  year      = { 2010 },
  editor    = { St\'efan van der Walt and Jarrod Millman }
}

@article{hunter2007matplotlib,
  title={Matplotlib: A 2D graphics environment},
  author={Hunter, John D},
  journal={Computing in science \& engineering},
  volume={9},
  number={3},
  pages={90--95},
  year={2007},
  publisher={IEEE Computer Society}
}

@ARTICLE{2020NumPy-Array,
  author  = {Harris, Charles R. and Millman, K. Jarrod and
            van der Walt, Stéfan J and Gommers, Ralf and
            Virtanen, Pauli and Cournapeau, David and
            Wieser, Eric and Taylor, Julian and Berg, Sebastian and
            Smith, Nathaniel J. and Kern, Robert and Picus, Matti and
            Hoyer, Stephan and van Kerkwijk, Marten H. and
            Brett, Matthew and Haldane, Allan and
            Fernández del Río, Jaime and Wiebe, Mark and
            Peterson, Pearu and Gérard-Marchant, Pierre and
            Sheppard, Kevin and Reddy, Tyler and Weckesser, Warren and
            Abbasi, Hameer and Gohlke, Christoph and
            Oliphant, Travis E.},
  title   = {Array programming with {NumPy}},
  journal = {Nature},
  year    = {2020},
  volume  = {585},
  pages   = {357–362},
  doi     = {10.1038/s41586-020-2649-2}
}

@article{nagendran2020guides,
  title={Artificial intelligence versus clinicians: systematic review of design, reporting standards, and claims of deep learning studies},
  author={Nagendran, Myura and Chen, Yang and Lovejoy, Christopher A and Gordon, Anthony C and Komorowski, Matthieu and Harvey, Hugh and Topol, Eric J and Ioannidis, John PA and Collins, Gary S and Maruthappu, Mahiben},
  journal={bmj},
  volume={368},
  year={2020},
  publisher={British Medical Journal Publishing Group}
}

@article{bossuyt2003stard,
  title={The STARD statement for reporting studies of diagnostic accuracy: explanation and elaboration},
  author={Bossuyt, Patrick M and Reitsma, Johannes B and Bruns, David E and Gatsonis, Constantine A and Glasziou, Paul P and Irwig, Les M and Moher, David and Rennie, Drummond and De Vet, Henrica CW and Lijmer, Jeroen G},
  journal={Annals of internal medicine},
  volume={138},
  number={1},
  pages={W1--12},
  year={2003},
  publisher={American College of Physicians}
}

@article{saito2015precision,
  title={The precision-recall plot is more informative than the ROC plot when evaluating binary classifiers on imbalanced datasets},
  author={Saito, Takaya and Rehmsmeier, Marc},
  journal={PloS one},
  volume={10},
  number={3},
  pages={e0118432},
  year={2015},
  publisher={Public Library of Science}
}

@article{mitchell1997machine,
  title={Machine learning},
  author={Mitchell, Tom M and others},
  year={1997},
  publisher={McGraw-hill New York}
}

@inproceedings{guo2008class,
  title={On the class imbalance problem},
  author={Guo, Xinjian and Yin, Yilong and Dong, Cailing and Yang, Gongping and Zhou, Guangtong},
  booktitle={2008 Fourth international conference on natural computation},
  volume={4},
  pages={192--201},
  year={2008},
  organization={IEEE}
}

@inproceedings{lgpd2019errc,
 author = {Rodrigo Machado and Diego Kreutz and Giulliano Paz and Gustavo Rodrigues},
 title = {Vazamentos de Dados: Histórico, Impacto Socioeconômico e as Novas Leis de Proteção de Dados},
 booktitle = {Anais da XVII Escola Regional de Redes de Computadores},
 location = {Alegrete},
 year = {2019},
 keywords = {},
 issn = {0000-0000},
 pages = {154--159},
 publisher = {SBC},
 address = {Porto Alegre, RS, Brasil},
 doi = {10.5753/errc.2019.9230},
 url = {https://sol.sbc.org.br/index.php/errc/article/view/9230}
}

@inproceedings{chatfield2011encoding,
  title={The devil is in the details: an evaluation of recent feature encoding methods.},
  author={Chatfield, Ken and Lempitsky, Victor S and Vedaldi, Andrea and Zisserman, Andrew},
  booktitle={BMVC},
  volume={2},
  number={4},
  pages={8},
  year={2011}
}

@article{krstajic2014cross,
  title={Cross-validation pitfalls when selecting and assessing regression and classification models},
  author={Krstajic, Damjan and Buturovic, Ljubomir J and Leahy, David E and Thomas, Simon},
  journal={Journal of cheminformatics},
  volume={6},
  number={1},
  pages={1--15},
  year={2014},
  publisher={BioMed Central}
}

@article{mandrekar2010receiver,
  title={Receiver operating characteristic curve in diagnostic test assessment},
  author={Mandrekar, Jayawant N},
  journal={Journal of Thoracic Oncology},
  volume={5},
  number={9},
  pages={1315--1316},
  year={2010},
  publisher={Elsevier}
}
@article{anand2010approach,
  title={An approach for classification of highly imbalanced data using weighting and undersampling},
  author={Anand, Ashish and Pugalenthi, Ganesan and Fogel, Gary B and Suganthan, PN},
  journal={Amino acids},
  volume={39},
  number={5},
  pages={1385--1391},
  year={2010},
  publisher={Springer}
}

@article{rudin2019stop,
  title={Stop explaining black box machine learning models for high stakes decisions and use interpretable models instead},
  author={Rudin, Cynthia},
  journal={Nature Machine Intelligence},
  volume={1},
  number={5},
  pages={206--215},
  year={2019},
  publisher={Nature Publishing Group}
}

@article{collins2015tripod,
  title={Transparent reporting of a multivariable prediction model for individual prognosis or diagnosis (TRIPOD) the TRIPOD statement},
  author={Collins, Gary S and Reitsma, Johannes B and Altman, Douglas G and Moons, Karel GM},
  journal={Circulation},
  volume={131},
  number={2},
  pages={211--219},
  year={2015},
  publisher={Am Heart Assoc}
}

@article{2020SciPy-NMeth,
  author  = {Virtanen, Pauli and Gommers, Ralf and Oliphant, Travis E. and
            Haberland, Matt and Reddy, Tyler and Cournapeau, David and
            Burovski, Evgeni and Peterson, Pearu and Weckesser, Warren and
            Bright, Jonathan and {van der Walt}, St{\'e}fan J. and
            Brett, Matthew and Wilson, Joshua and Millman, K. Jarrod and
            Mayorov, Nikolay and Nelson, Andrew R. J. and Jones, Eric and
            Kern, Robert and Larson, Eric and Carey, C J and
            Polat, {\.I}lhan and Feng, Yu and Moore, Eric W. and
            {VanderPlas}, Jake and Laxalde, Denis and Perktold, Josef and
            Cimrman, Robert and Henriksen, Ian and Quintero, E. A. and
            Harris, Charles R. and Archibald, Anne M. and
            Ribeiro, Ant{\^o}nio H. and Pedregosa, Fabian and
            {van Mulbregt}, Paul and {SciPy 1.0 Contributors}},
  title   = {{{SciPy} 1.0: Fundamental Algorithms for Scientific
            Computing in Python}},
  journal = {Nature Methods},
  year    = {2020},
  volume  = {17},
  pages   = {261--272},
  adsurl  = {https://rdcu.be/b08Wh},
  doi     = {10.1038/s41592-019-0686-2},
}

% florestas aleatorias
@article{breiman2001random,
  title={Random forests},
  author={Breiman, Leo},
  journal={Machine learning},
  volume={45},
  number={1},
  pages={5--32},
  year={2001},
  publisher={Springer}
}

@book{grus2019data,
  title={Data Science do zero: Primeiras regras com o Python},
  author={Grus, Joel},
  year={2019},
  publisher={Alta Books}
}

@incollection{maletic2009data,
  title={Data cleansing: A prelude to knowledge discovery},
  author={Maletic, Jonathan I and Marcus, Andrian},
  booktitle={Data mining and knowledge discovery handbook},
  pages={19--32},
  year={2009},
  publisher={Springer}
}

@inproceedings{mezzanzanica2013automatic,
  title={Automatic synthesis of data cleansing activities},
  author={Mezzanzanica, Mario and Boselli, Roberto and Cesarini, Mirko and Mercorio, Fabio},
  booktitle={The International Conference on Data Management Technologies and Applications (DATA)-July 29-31},
  volume={2},
  pages={138--149},
  year={2013},
  organization={Markus Helfert and Chiara Francalanci}
}

@manual{amidi2020ml,
author = "Afshine Amidi and Shervine Amidi",
title = "Machine Learning tips and tricks cheatsheet",
year = "2020",
month = {março},
url = {https://stanford.edu/~shervine/teaching/cs-229/cheatsheet-machine-learning-tips-and-tricks}
}

@book{haykin2007redes,
  title={Redes neurais: princ{\'\i}pios e pr{\'a}tica},
  author={Haykin, Simon},
  year={2007},
  publisher={Bookman Editora}
}

@book{russell2004inteligencia,
  title={Intelig{\^e}ncia artificial},
  author={Russell, Stuart J and Norvig, Peter},
  year={2004},
  publisher={Elsevier}
}

@InCollection{Monard2003a,
  Title = {Conceitos Sobre Aprendizado de Máquina},
  Author = {Maria Carolina Monard and José Augusto Baranauskas},
  Booktitle = {Sistemas Inteligentes Fundamentos e Aplicações},
  Publisher = {Manole Ltda},
  Year = {2003},
  Address = {Barueri-SP},
  Edition = {1},
  Pages = {89--114},
  ISBN = {85-204-168}
}

@book{forcier2008python,
  title={Python web development with Django},
  author={Forcier, Jeff and Bissex, Paul and Chun, Wesley J},
  year={2008},
  publisher={Addison-Wesley Professional}
}

@article{pedregosa2011scikit,
  title={Scikit-learn: Machine learning in Python},
  author={Pedregosa, Fabian and Varoquaux, Ga{\"e}l and Gramfort, Alexandre and Michel, Vincent and Thirion, Bertrand and Grisel, Olivier and Blondel, Mathieu and Prettenhofer, Peter and Weiss, Ron and Dubourg, Vincent and others},
  journal={the Journal of machine Learning research},
  volume={12},
  pages={2825--2830},
  year={2011},
  publisher={JMLR. org}
}
@ARTICLE{ipython2007,
  author={F. {Perez} and B. E. {Granger}},
  journal={Computing in Science   Engineering}, 
  title={IPython: A System for Interactive Scientific Computing}, 
  year={2007},
  volume={9},
  number={3},
  pages={21-29},
  doi={10.1109/MCSE.2007.53}}

@book{van1995python, 
  title={The Python Library Reference, release 3.8.2},
  author={Van Rossum, Guido}, 
  year={2020}, 
  publisher={Python Software Foundation} 
}

@manual{nomecovid,
author = {World Health Organization},
title = {Naming the coronavirus disease (COVID-19) and the virus that causes it},
month = {fevereiro},
year = {2020},
url = {https://www.who.int/emergencies/diseases/novel-coronavirus-2019/technical-guidance/naming-the-coronavirus-disease-(covid-2019)-and-the-virus-that-causes-it}
}

@manual{OPAN2020pandemia,
Organization = {OrganizaÇÃo Pan Americana da SaÚde},
title = {OMS afirma que COVID-19 é agora caracterizada como pandemia},
month = {março},
year = {2020},
url = {https://www.paho.org/bra/index.php?option=com_content&view=article&id=6120:oms-afirma-que-covid-19-e-agora-caracterizada-como-pandemia&Itemid=812}
}


@manual{instrutivosivep,
Organization = {BRASIL. MinistÉrio da SaÚde. Secretaria da VigilÂncia em SaÚde},
title = {FICHA DE REGISTRO INDIVIDUAL - CASOS DE SÍNDROME RESPIRATÓRIA AGUDA GRAVE INTERNADOS HOSPITALIZADO - INSTRU\c{C}\~{O}ES PARA PREENCHIMENTO},
month = {março},
year = {2020},
url = {http://plataforma.saude.gov.br/coronavirus/dados-abertos/sivep-gripe/instrutivo-ficha-SRAG-hospitalizado-Sivepgripe.pdf}
}

@manual{instrutivoesus,
organization = {BRASIL. MinistÉrio da SaÚde. DataSUS},
title = {Instrutivo de preenchimento da ficha de notificacao de caso de Síndrome Gripal suspeito de doença pelo Coronavírus 2019 - COVID-19 (B34.2)},
month = {maio},
year = {2020},
url = {https://datasus.saude.gov.br/wp-content/uploads/2020/05/Instrutivo-e-SUS-VE-Atualizado-15-05.pdf}
}

@manual{definicaoMinisterioSaudeSG,
organization = {BRASIL. MinistÉrio da SaÚde},
title = {Definição de Caso e Notificação},
month = {maio},
year = {2020},
url = {https://coronavirus.saude.gov.br/definicao-de-caso-e-notificacao}
}

@article{wells2013strategies,
  title={Strategies for handling missing data in electronic health record derived data},
  author={Wells, Brian J and Chagin, Kevin M and Nowacki, Amy S and Kattan, Michael W},
  journal={Egems},
  volume={1},
  number={3},
  year={2013},
  publisher={Ubiquity Press}
}

@article{coale1962case,
  title={The case of the Indians and the teen-age widows},
  author={Coale, Ansley J and Stephan, Frederick F},
  journal={Journal of the American Statistical Association},
  volume={57},
  number={298},
  pages={338--347},
  year={1962},
  publisher={Taylor \& Francis Group}
}



@article{srinivas2010applications,
  title={Applications of data mining techniques in healthcare and prediction of heart attacks},
  author={Srinivas, K and Rani, B Kavihta and Govrdhan, A},
  journal={International Journal on Computer Science and Engineering (IJCSE)},
  volume={2},
  number={02},
  pages={250--255},
  year={2010}
}

@inproceedings{kraft2003data,
  title={Data mining in healthcare information systems: case study of a veterans' administration spinal cord injury population},
  author={Kraft, Margaret R and Desouza, Kevin C and Androwich, Ida},
  booktitle={36th Annual Hawaii International Conference on System Sciences, 2003. Proceedings of the},
  pages={9--pp},
  year={2003},
  organization={IEEE}
}

@article{phan2020automated,
  title={Automated data cleaning of paediatric anthropometric data from longitudinal electronic health records: protocol and application to a large patient cohort},
  author={Phan, Hang TT and Borca, Florina and Cable, David and Batchelor, James and Davies, Justin H and Ennis, Sarah},
  journal={Scientific reports},
  volume={10},
  number={1},
  pages={1--9},
  year={2020},
  publisher={Nature Publishing Group}
}


@inproceedings{wang2020data,
  title={Data Analytics for the COVID-19 Epidemic},
  author={Wang, Ranran and Hu, Gang and Jiang, Chi and Lu, Huimin and Zhang, Yin},
  booktitle={2020 IEEE 44th Annual Computers, Software, and Applications Conference (COMPSAC)},
  pages={1261--1266},
  year={2020},
  organization={IEEE}
}

@article{iwendi2020covid,
  title={COVID-19 Patient health prediction using boosted random forest algorithm},
  author={Iwendi, Celestine and Bashir, Ali Kashif and Peshkar, Atharva and Sujatha, R and Chatterjee, Jyotir Moy and Pasupuleti, Swetha and Mishra, Rishita and Pillai, Sofia and Jo, Ohyun},
  journal={Frontiers in public health},
  volume={8},
  pages={357},
  year={2020},
  publisher={Frontiers}
}

@inproceedings{chen2016xgboost,
  title={Xgboost: A scalable tree boosting system},
  author={Chen, Tianqi and Guestrin, Carlos},
  booktitle={Proceedings of the 22nd acm sigkdd international conference on knowledge discovery and data mining},
  pages={785--794},
  year={2016}
}

@article{fawcett2006roc,
  title={An introduction to ROC analysis},
  author={Fawcett, Tom},
  journal={Pattern recognition letters},
  volume={27},
  number={8},
  pages={861--874},
  year={2006},
  publisher={Elsevier}
}

@incollection{benesty2009pearson,
  title={Pearson correlation coefficient},
  author={Benesty, Jacob and Chen, Jingdong and Huang, Yiteng and Cohen, Israel},
  booktitle={Noise reduction in speech processing},
  pages={1--4},
  year={2009},
  publisher={Springer}
}

@book{hosmer2013applied,
  title={Applied logistic regression},
  author={Hosmer Jr, David W and Lemeshow, Stanley and Sturdivant, Rodney X},
  volume={398},
  year={2013},
  publisher={John Wiley \& Sons}
}

@article{menze2009gini,
  title={A comparison of random forest and its Gini importance with standard chemometric methods for the feature selection and classification of spectral data},
  author={Menze, Bjoern H and Kelm, B Michael and Masuch, Ralf and Himmelreich, Uwe and Bachert, Peter and Petrich, Wolfgang and Hamprecht, Fred A},
  journal={BMC bioinformatics},
  volume={10},
  number={1},
  pages={1--16},
  year={2009},
  publisher={Springer}
}

@book{james2013statistical,
  title={An introduction to statistical learning},
  author={James, Gareth and Witten, Daniela and Hastie, Trevor and Tibshirani, Robert},
  volume={112},
  year={2013},
  publisher={Springer}
}

@article{loh2011trees,
  title={Classification and regression trees},
  author={Loh, Wei-Yin},
  journal={Wiley interdisciplinary reviews: data mining and knowledge discovery},
  volume={1},
  number={1},
  pages={14--23},
  year={2011},
  publisher={Wiley Online Library}
}

@article{obeid2020artificial,
  title={An artificial intelligence approach to COVID-19 infection risk assessment in virtual visits: A case report},
  author={Obeid, Jihad S and Davis, Matthew and Turner, Matthew and Meystre, Stephane M and Heider, Paul M and O'Bryan, Edward C and Lenert, Leslie A},
  journal={Journal of the American Medical Informatics Association},
  volume={27},
  number={8},
  pages={1321--1325},
  year={2020},
  publisher={Oxford University Press}
}

@article{pourhomayoun2020predicting,
  title={Predicting mortality risk in patients with COVID-19 using artificial intelligence to help medical decision-making},
  author={Pourhomayoun, Mohammad and Shakibi, Mahdi},
  journal={medRxiv},
  year={2020},
  publisher={Cold Spring Harbor Laboratory Press}
}

@article{zhao2020prediction,
  title={Prediction model and risk scores of ICU admission and mortality in COVID-19},
  author={Zhao, Zirun and Chen, Anne and Hou, Wei and Graham, James M and Li, Haifang and Richman, Paul S and Thode, Henry C and Singer, Adam J and Duong, Tim Q},
  journal={PloS one},
  volume={15},
  number={7},
  pages={e0236618},
  year={2020},
  publisher={Public Library of Science San Francisco, CA USA}
}

@article{yadaw2020clinical,
  title={Clinical features of COVID-19 mortality: development and validation of a clinical prediction model},
  author={Yadaw, Arjun S and Li, Yan-chak and Bose, Sonali and Iyengar, Ravi and Bunyavanich, Supinda and Pandey, Gaurav},
  journal={The Lancet Digital Health},
  volume={2},
  number={10},
  pages={e516--e525},
  year={2020},
  publisher={Elsevier}
}

@article{cheng2020using,
  title={Using Machine Learning to Predict ICU Transfer in Hospitalized COVID-19 Patients},
  author={Cheng, Fu-Yuan and Joshi, Himanshu and Tandon, Pranai and Freeman, Robert and Reich, David L and Mazumdar, Madhu and Kohli-Seth, Roopa and Levin, Matthew and Timsina, Prem and Kia, Arash},
  journal={Journal of Clinical Medicine},
  volume={9},
  number={6},
  pages={1668},
  year={2020},
  publisher={Multidisciplinary Digital Publishing Institute}
}


@article{assaf2020utilization,
  title={Utilization of machine-learning models to accurately predict the risk for critical COVID-19},
  author={Assaf, Dan and Gutman, Ya’ara and Neuman, Yair and Segal, Gad and Amit, Sharon and Gefen-Halevi, Shiraz and Shilo, Noya and Epstein, Avi and Mor-Cohen, Ronit and Biber, Asaf and others},
  journal={Internal and emergency medicine},
  volume={15},
  number={8},
  pages={1435--1443},
  year={2020},
  publisher={Springer}
}

@article{gao2020machine,
  title={Machine learning based early warning system enables accurate mortality risk prediction for COVID-19},
  author={Gao, Yue and Cai, Guang-Yao and Fang, Wei and Li, Hua-Yi and Wang, Si-Yuan and Chen, Lingxi and Yu, Yang and Liu, Dan and Xu, Sen and Cui, Peng-Fei and others},
  journal={Nature communications},
  volume={11},
  number={1},
  pages={1--10},
  year={2020},
  publisher={Nature Publishing Group}
}

@article{chowdhury2020early,
  title={An early warning tool for predicting mortality risk of COVID-19 patients using machine learning},
  author={Chowdhury, Muhammad EH and Rahman, Tawsifur and Khandakar, Amith and Al-Madeed, Somaya and Zughaier, Susu M and Hassen, Hanadi and Islam, Mohammad T and others},
  journal={arXiv preprint arXiv:2007.15559},
  year={2020}
}

@article{casiraghi2020explainable,
  title={Explainable Machine Learning for Early Assessment of COVID-19 Risk Prediction in Emergency Departments},
  author={Casiraghi, Elena and Malchiodi, Dario and Trucco, Gabriella and Frasca, Marco and Cappelletti, Luca and Fontana, Tommaso and Esposito, Alessandro Andrea and Avola, Emanuele and Jachetti, Alessandro and Reese, Justin and others},
  journal={IEEE Access},
  volume={8},
  pages={196299--196325},
  year={2020},
  publisher={IEEE}
}
% 

@article{dun2020machine,
  title={A Machine Learning Study of 534,023 Medicare Beneficiaries with COVID-19: Implications for Personalized Risk Prediction},
  author={Dun, Chen and Walsh, Christi and Bae, Sunjae and Adalja, Amesh and Toner, Eric and Lash, Timothy A and Hashim, Farah and Paturzo, Joseph and Segev, Dorry L and Makary, Martin A},
  journal={medRxiv},
  year={2020},
  publisher={Cold Spring Harbor Laboratory Press}
}

@article{barda2020developing,
  title={Developing a COVID-19 mortality risk prediction model when individual-level data are not available},
  author={Barda, Noam and Riesel, Dan and Akriv, Amichay and Levy, Joseph and Finkel, Uriah and Yona, Gal and Greenfeld, Daniel and Sheiba, Shimon and Somer, Jonathan and Bachmat, Eitan and others},
  journal={Nature communications},
  volume={11},
  number={1},
  pages={1--9},
  year={2020},
  publisher={Nature Publishing Group}
}

@article{chakraborty2020real,
  title={Real-time forecasts and risk assessment of novel coronavirus (COVID-19) cases: A data-driven analysis},
  author={Chakraborty, Tanujit and Ghosh, Indrajit},
  journal={Chaos, Solitons \& Fractals},
  pages={109850},
  year={2020},
  publisher={Elsevier}
}

% engenharia de software
@book{pressman2016engenharia,
  title={Engenharia de Software-8{\textordfeminine} Edi{\c{c}}{\~a}o},
  author={Pressman, Roger and Maxim, Bruce},
  year={2016},
  publisher={McGraw Hill Brasil}
}

%engenharia
@article{ian2011engenharia,
  title={Engenharia de software},
  author={Ian, Sommerville},
  journal={9a. edi{\c{c}}{\~a}o, Addison-Wesley/Pearson},
  year={2011}
}

@article{di2020common,
  title={Common cardiovascular risk factors and in-hospital mortality in 3,894 patients with COVID-19: survival analysis and machine learning-based findings from the multicentre Italian CORIST Study},
  author={Di Castelnuovo, Augusto and Bonaccio, Marialaura and Costanzo, Simona and Gialluisi, Alessandro and Antinori, Andrea and Berselli, Nausicaa and Blandi, Lorenzo and Bruno, Raffaele and Cauda, Roberto and Guaraldi, Giovanni and others},
  journal={Nutrition, Metabolism and Cardiovascular Diseases},
  volume={30},
  number={11},
  pages={1899--1913},
  year={2020},
  publisher={Elsevier}
}